@article{depsy,
author = {Dalmeet Singh Chawla}, 
title = {The unsung heroes of scientific software},
volume = {529}, 
number = {7584}, 
year = {2016}, 
journal = {Nature} 
}

@ARTICLE{sp, 
author={Vandewalle, P. and Kovacevic, J. and Vetterli, M.}, 
journal={Signal Processing Magazine, IEEE}, 
title={Reproducible research in signal processing}, 
year={2009}, 
month={May}, 
volume={26}, 
number={3}, 
pages={37-47}, 
keywords={research and development;signal processing;high-quality reviewing process;large data set;reproducible research;signal processing;win-win situation;Advertising;Digital signal processing;Education;Programming;Reproducibility of results;Scholarships;Signal processing;Signal processing algorithms;Testing;Wikipedia}, 
doi={10.1109/MSP.2009.932122}, 
ISSN={1053-5888},}

@article{science,
author = {Peng, R. D.}, 
title = {Reproducible Research in Computational Science},
volume = {334}, 
number = {6060}, 
pages = {1226-1227}, 
year = {2011}, 
doi = {10.1126/science.1213847}, 
abstract ={Computational science has led to exciting new developments, but the nature of the work has exposed limitations in our ability to evaluate published findings. Reproducibility has the potential to serve as a minimum standard for judging scientific claims when full independent replication of a study is not possible.}, 
URL = {http://www.sciencemag.org/content/334/6060/1226.abstract}, 
eprint = {http://www.sciencemag.org/content/334/6060/1226.full.pdf}, 
journal = {Science} 
}

@book{right,
  title={Getting it right: R \& D methods for science and engineering},
  author={Bock, P. and Scheibe, B.},
  year={2001},
  publisher={Academic Press}
}

@article{design,
year={1995},
issn={1381-1231},
journal={Journal of Heuristics},
volume={1},
number={1},
doi={10.1007/BF02430363},
title={Designing and reporting on computational experiments with heuristic methods},
url={http://citeseerx.ist.psu.edu/viewdoc/download?doi=10.1.1.135.6059&rep=rep1&type=pdf},
publisher={Kluwer Academic Publishers},
keywords={heuristics; algorithms; experimental design; computational testing},
author={Barr, RichardS. and Golden, BruceL. and Kelly, JamesP. and Resende, MauricioG.C. and Stewart, WilliamR., Jr.},
pages={9-32},
language={English}
}

@book{se,
  title={Statistics for Experimenters: Design, Innovation, and Discovery, 2nd Edition},
  author={George E. P. Box  and J. Stuart Hunter and William G. Hunter},
  year={2005},
  publisher={Wiley-Interscience}
}


@book{de,
  title={Designing Experiments and Analyzing Data: A Model Comparison Perspective, Second Edition},
  author={Scott E. Maxwell and Harold D. Delaney and Ken Kelley},
  year={2003},
  publisher={Routledge}
}


@book{,
  title={},
  author={},
  year={},
  publisher={}
}
