@ARTICLE{Girolami, 
author={Girolami, M.}, 
journal={Neural Networks, IEEE Transactions on}, 
title={Mercer kernel-based clustering in feature space}, 
year={2002}, 
month={May}, 
volume={13}, 
number={3}, 
pages={780-784}, 
keywords={data analysis;eigenvalues and eigenfunctions;matrix algebra;pattern clustering;unsupervised learning;Mercer kernel-based clustering;computationally simple iterative procedure;data clustering;data generation;data partitioning;data structure;eigenvectors;feature space partitioning;high dimensional feature space;implicit mapping;inherent clusters;kernel matrix;linear separability;nonlinear data transformation;transformed space;unsupervised learning;unsupervised partitioning;Clustering methods;Costs;Councils;Data analysis;Data structures;Kernel;Libraries;Radial basis function networks;Scattering;Unsupervised learning},  
}

@article{Jain2010,
author = {Jain, A.K.},
journal = {Pattern Recognition Letters},
number = {8},
pages = {651--666},
publisher = {Elsevier},
title = {{Data Clustering : 50 Years Beyond K-Means}},
url = {http://www.sciencedirect.com/science/article/pii/S0167865509002323},
volume = {31},
year = {2010}
}

@article{Kaufman1987,
author = {Kaufman, L and Rousseeuw, P},
journal = {Statistical Data Analysis based on the L1 Norm},
pages = {405----416},
title = {{Clustering by means of medoids}}
}

@conference{macQueenBsmsp67,
author = {MacQueen, J B},
booktitle = {Proc. of Berkeley Symposium on Mathematical Statistics and Probability},
file = {::},
title = {{Some Methods for classification and Analysis of Multivariate Observations}},
year = {1967}
}
